@article{katz,
  title={Estimation of probabilities from sparse data for the language model component of a speech recognizer},
  author={Katz, Slava M},
  journal={Acoustics, Speech and Signal Processing, IEEE Transactions on},
  volume={35},
  number={3},
  pages={400--401},
  year={1987},
  publisher={IEEE}
}

@article{lm,
  author = {Jurafsky, D.},
  title = {Language Modeling - Introduction to n-grams},
  journal= {\tt{https://web.stanford.edu/class/cs124/lec/languagemodeling.pdf}}
}

@article{hadoop,
  title = {Partitioning your job into maps and reduces},
  author ={Hadoop Wiki},
  journal = {\tt{https://wiki.apache.org/hadoop/HowManyMapsAndReduces}}
}
